<record><leader>00000cas a22000007a 4500</leader><controlfield tag="001">13789327</controlfield><controlfield tag="008">860627d18831886nvudn ne      0    0eng d</controlfield><datafield ind1=" " ind2=" " tag="010"><subfield code="a">sn 86076291 </subfield></datafield><datafield ind1=" " ind2=" " tag="040"><subfield code="a">NNX</subfield><subfield code="b">eng</subfield><subfield code="c">NNX</subfield><subfield code="d">CNK</subfield><subfield code="d">OCLCQ</subfield></datafield><datafield ind1=" " ind2=" " tag="042"><subfield code="a">msc</subfield></datafield><datafield ind1="0" ind2="4" tag="245"><subfield code="a">The Tuscarora times and mining review.</subfield></datafield><datafield ind1="1" ind2="3" tag="246"><subfield code="a">Daily times-review</subfield></datafield><datafield ind1=" " ind2=" " tag="260"><subfield code="a">Tuscarora, Nev. :</subfield><subfield code="b">O.L.C. Fairchild,</subfield><subfield code="c">1883-1886.</subfield></datafield><datafield ind1=" " ind2=" " tag="300"><subfield code="a">9 v.</subfield></datafield><datafield ind1=" " ind2=" " tag="310"><subfield code="a">Daily (except Sun.)</subfield></datafield><datafield ind1="0" ind2=" " tag="362"><subfield code="a">Vol. 10, no. 100 (Apr. 9, 1883)-v. 18, no. 18 (Dec. 31, 1886).</subfield></datafield><datafield ind1=" " ind2=" " tag="500"><subfield code="a">Title from publisher's statement: Daily times-review, Apr. 9, 1883-Dec. 31, 1886.</subfield></datafield><datafield ind1=" " ind2=" " tag="500"><subfield code="a">Publisher: July 30, 1883-Sept. 13, 1886, Fairchild &amp; Dennis; Sept. 13, 1886-Dec. 31, 1886, O.L.C. Fairchild.</subfield></datafield><datafield ind1=" " ind2=" " tag="752"><subfield code="a">United States</subfield><subfield code="b">Nevada</subfield><subfield code="c">Elko</subfield><subfield code="d">Tuscarora.</subfield></datafield><datafield ind1="0" ind2="0" tag="780"><subfield code="t">Times-review</subfield><subfield code="w">(DLC)sn 86076290</subfield><subfield code="w">(OCoLC)14362879</subfield></datafield><datafield ind1="0" ind2="0" tag="785"><subfield code="t">Tuscarora times-review</subfield><subfield code="w">(DLC)sn 86076292</subfield><subfield code="w">(OCoLC)13789229</subfield></datafield></record>